@misc{speck,
    author = {Beaulieu\, R. and others },
    title = {The SIMON and SPECK Families of Lightweight Block Ciphers},
    howpublished = {Cryptology ePrint Archive, Report 2013/404},
    year = {2013},
    note = {\url{http://eprint.iacr.org/}},
}
% and Douglas Shors and Jason Smith and Stefan Treatman-Clark and Bryan Weeks and Louis Wingers
